@article{avrachenkov2004decomposition,
  title={Decomposition of the google pagerank and optimal linking strategy},
  author={Avrachenkov, Konstantin and Litvak, Nelly and others},
  year={2004}
}
@article{avrachenkov2006effect,
  title={The effect of new links on Google PageRank},
  author={Avrachenkov, Konstantin and Litvak, Nelly},
  journal={Stochastic Models},
  volume={22},
  number={2},
  pages={319--331},
  year={2006},
  publisher={Taylor \& Francis}
}
@incollection{olsen2010maximizing,
  title={Maximizing pagerank with new backlinks},
  author={Olsen, Martin},
  booktitle={Algorithms and Complexity},
  pages={37--48},
  year={2010},
  publisher={Springer}
}
@article{de2008maximizing,
  title={Maximizing PageRank via outlinks},
  author={De Kerchove, Cristobald and Ninove, Laure and Van Dooren, Paul},
  journal={Linear Algebra and its Applications},
  volume={429},
  number={5},
  pages={1254--1276},
  year={2008},
  publisher={Elsevier}
}
@incollection{olsen2010constant,
  title={A constant-factor approximation algorithm for the link building problem},
  author={Olsen, Martin and Viglas, Anastasios and Zvedeniouk, Ilia},
  booktitle={Combinatorial Optimization and Applications},
  pages={87--96},
  year={2010},
  publisher={Springer}
}
@inproceedings{csaji2010pagerank,
  title={Pagerank optimization in polynomial time by stochastic shortest path reformulation},
  author={Cs{\'a}ji, Bal{\'a}zs Csan{\'a}d and Jungers, Rapha{\"e}l M and Blondel, Vincent D},
  booktitle={Algorithmic Learning Theory},
  pages={89--103},
  year={2010},
  organization={Springer}
}
@article{hollanders2011policy,
  title={Policy Iteration is well suited to optimize PageRank},
  author={Hollanders, Romain and Delvenne, Jean-Charles and Jungers, Rapha{\"e}l},
  journal={arXiv preprint arXiv:1108.3779},
  year={2011}
}
@article{fercoq2013ergodic,
  title={Ergodic control and polyhedral approaches to PageRank optimization},
  author={Fercoq, Olivier and Akian, Marianne and Bouhtou, Mustapha and Gaubert, St{\'e}phane},
  journal={Automatic Control, IEEE Transactions on},
  volume={58},
  number={1},
  pages={134--148},
  year={2013},
  publisher={IEEE}
}
@article{csaji2014pagerank,
  title={PageRank optimization by edge selection},
  author={Cs{\'a}ji, Bal{\'a}zs Csan{\'a}d and Jungers, Rapha{\"e}l M and Blondel, Vincent D},
  journal={Discrete Applied Mathematics},
  volume={169},
  pages={73--87},
  year={2014},
  publisher={Elsevier}
}
